%dummy
@BOOK{leeseshia,
  author = {Lee, Edward A. and Seshia, Sanjit A.},
  title = {Introduction to Embedded Systems: A Cyber-Physical Systems Approach},
  publisher = {MIT Press},
  year = {2017},
  edition = {2},
}