@inproceedings{wirth2000crisp,
  title={CRISP-DM: Towards a standard process model for data mining},
  author={Wirth, R{\"u}diger and Hipp, Jochen},
  booktitle={Proceedings of the 4th international conference on the practical applications of knowledge discovery and data mining},
  volume={1},
  year={2000},
  organization={Springer-Verlag London, UK}
}
@misc{perez2017effectiveness,
      title={The Effectiveness of Data Augmentation in Image Classification using Deep Learning}, 
      author={Luis Perez and Jason Wang},
      year={2017},
      eprint={1712.04621},
      archivePrefix={arXiv},
      primaryClass={cs.CV}
}
@article{shorten2019survey,
  title={A survey on image data augmentation for deep learning},
  author={Shorten, Connor and Khoshgoftaar, Taghi M},
  journal={Journal of Big Data},
  volume={6},
  number={1},
  pages={1--48},
  year={2019},
  publisher={Springer}
}
@inproceedings{chen2016xgboost,
  title={Xgboost: A scalable tree boosting system},
  author={Chen, Tianqi and Guestrin, Carlos},
  booktitle={Proceedings of the 22nd acm sigkdd international conference on knowledge discovery and data mining},
  pages={785--794},
  year={2016}
}
@article{lecun1995convolutional,
  title={Convolutional networks for images, speech, and time series},
  author={LeCun, Yann and Bengio, Yoshua and others},
  journal={The handbook of brain theory and neural networks},
  volume={3361},
  number={10},
  pages={1995},
  year={1995}
}
@article{SqueezeNet,
    Author = {Forrest N. Iandola and Song Han and Matthew W. Moskewicz and Khalid Ashraf and William J. Dally and Kurt Keutzer},
    Title = {SqueezeNet: AlexNet-level accuracy with 50x fewer parameters and $<$0.5MB model size},
    Journal = {arXiv:1602.07360},
    Year = {2016}
}
@article{liaw2018tune,
    title={Tune: A Research Platform for Distributed Model Selection and Training},
    author={Liaw, Richard and Liang, Eric and Nishihara, Robert
            and Moritz, Philipp and Gonzalez, Joseph E and Stoica, Ion},
    journal={arXiv preprint arXiv:1807.05118},
    year={2018}
}
@article{bergstra2012random,
  title={Random search for hyper-parameter optimization.},
  author={Bergstra, James and Bengio, Yoshua},
  journal={Journal of machine learning research},
  volume={13},
  number={2},
  year={2012}
}